@misc{werner,
Author = {Eric Werner},
Title = {Cancer Networks: A general theoretical and computational framework for understanding cancer},
Year = {2011},
Eprint = {arXiv:1110.5865},
}

@article{mcduffie,
Author = {McDuffie, Michelle},
year = {2014},
title = {A Hormone Therapy Model for Breast Cancer Using Linear Cancer Networks},
journal = {Rose-{H}ulman Undergraduate mathematics journal},
volume = {15},
issue = {1},
}