@book{TDplane,
	title = {Differential Equations},
	author = {Blanchard, Paul and Devaney, Robert and Hall, Glen},
	edition = {2nd},
	publisher = {Brooks Cole},
	year = {2002},
	chapter = {3.7: The Trace-Determinant Plane},
}

@book{beltrami,
	title = {Mathematics for Dynamic Modeling},
	author = {Beltrami, Edward},
	edition = {2nd},
	publisher = {Academic Press},
	year = {1998},
	chapter = {3: Stability of Dynamic Models}
}