%THis is the bibliography for project 2

@book{bdh,
	title = {Differential Equations},
	author = {Blanchard, Paul and Devaney, Robert and Hall, Glen},
	edition = {2nd},
	publisher = {Brooks Cole},
	year = {2002}
}

@article{science,
	title = {Wolves, Moose, and Tree Rings on {I}sle {R}oyale},
	authors = {McLaren, B. E. and Peterson, R. O.},
	journal = {Science},
	year = {1994},
	volume  = {266},
	pages = {1555--1558}
}
	
@misc{PLT,
  author        = {Jones, Don},
  title         = {Chapter 6: lecture notes for differential equations},
  publisher={University of Arizona}
}
	
	